@article{king2015avoidable,
  title={Avoidable errors in the modelling of outbreaks of emerging pathogens, with special reference to {Ebola}},
  author={King, Aaron A and Domenech de Cell{\`e}s, Matthieu and Magpantay, Felicia MG and Rohani, Pejman},
  journal={Proceedings of the Royal Society B: Biological Sciences},
  volume={282},
  number={1806},
  pages={20150347},
  year={2015},
  publisher={The Royal Society}
}

@article{ma2014estimating,
  title={Estimating initial epidemic growth rates},
  author={Ma, Junling and Dushoff, Jonathan and Bolker, Benjamin M and Earn, David JD},
  journal={Bulletin of mathematical biology},
  volume={76},
  number={1},
  pages={245--260},
  year={2014},
  publisher={Springer}
}

@article{he2009plug,
  title={Plug-and-play inference for disease dynamics: measles in large and small populations as a case study},
  author={He, Daihai and Ionides, Edward L and King, Aaron A},
  journal={Journal of the Royal Society Interface},
  volume={7},
  number={43},
  pages={271--283},
  year={2009},
  publisher={The Royal Society}
}
